<?xml version="1.0" encoding="UTF-8"?><collection xmlns="http://www.loc.gov/MARC21/slim"><record><leader>00606nam--2200181-u-4500</leader><controlfield tag="001">000053297</controlfield><controlfield tag="002">20161230</controlfield><controlfield tag="005">20161230201051</controlfield><controlfield tag="008">110125s1000------------r-----000-0-fre-d</controlfield><datafield ind1=" " ind2=" " tag="040"><subfield code="a">IFIN-HH</subfield></datafield><datafield ind1=" " ind2=" " tag="041"><subfield code="a">fre</subfield></datafield><datafield ind1=" " ind2=" " tag="080"><subfield code="a">537.8:535.13(043)</subfield></datafield><datafield ind1="1" ind2=" " tag="100"><subfield code="a">Chandezon, Jean</subfield></datafield><datafield ind1="1" ind2="0" tag="245"><subfield code="a">Les equations de maxwell sous forme covariante application a l'etude de la propagation dans les guides periodiques et a la diffraction par les reseaux</subfield><subfield code="b">These</subfield><subfield code="c">Jean chandezon</subfield></datafield><datafield ind1=" " ind2=" " tag="260"><subfield code="a">Clermont-ferrand</subfield><subfield code="b">Universite Clermont-ferrand Ii</subfield><subfield code="c">1979</subfield></datafield><datafield ind1=" " ind2=" " tag="300"><subfield code="a">165P</subfield></datafield><datafield ind1=" " ind2=" " tag="852"><subfield code="a">49708</subfield><subfield code="c">535</subfield></datafield><datafield ind1=" " ind2=" " tag="CAT"><subfield code="a">Sys</subfield><subfield code="c">20110125</subfield><subfield code="h">144628</subfield></datafield></record></collection>